<record><leader>00000cas a22000007a 4500</leader><controlfield tag="001">35974282</controlfield><controlfield tag="008">961121d190u1908sduwr ne      0    0eng d</controlfield><datafield ind1=" " ind2=" " tag="010"><subfield code="a">sn 96090282 </subfield></datafield><datafield ind1=" " ind2=" " tag="040"><subfield code="a">SXN</subfield><subfield code="b">eng</subfield><subfield code="c">SXN</subfield><subfield code="d">OCLCQ</subfield><subfield code="d">OCLCF</subfield><subfield code="d">OCLCO</subfield></datafield><datafield ind1="1" ind2=" " tag="029"><subfield code="a">AU@</subfield><subfield code="b">000012971833</subfield></datafield><datafield ind1=" " ind2=" " tag="042"><subfield code="a">msc</subfield></datafield><datafield ind1=" " ind2=" " tag="043"><subfield code="a">n-us-sd</subfield></datafield><datafield ind1="0" ind2=" " tag="130"><subfield code="a">Gregory County news (Bonesteel, S.D. : 1907)</subfield></datafield><datafield ind1="1" ind2="4" tag="245"><subfield code="a">The Gregory County news.</subfield></datafield><datafield ind1=" " ind2=" " tag="260"><subfield code="a">Bonesteel, Gregory County, S.D. :</subfield><subfield code="b">Ferd. Reichmann</subfield></datafield><datafield ind1=" " ind2=" " tag="300"><subfield code="a">v.</subfield></datafield><datafield ind1=" " ind2=" " tag="310"><subfield code="a">Weekly</subfield></datafield><datafield ind1="1" ind2=" " tag="362"><subfield code="a">Ceased in 1908.</subfield></datafield><datafield ind1=" " ind2=" " tag="530"><subfield code="a">Available on microfilm from: State Archives, South Dakota State Historical Society.</subfield></datafield><datafield ind1=" " ind2=" " tag="580"><subfield code="a">Merged with: Tripp County news, the Gregory County pilot; to form: Gregory County news and Tripp County news (Dallas, S.D. : Sept. 1908).</subfield></datafield><datafield ind1=" " ind2=" " tag="588"><subfield code="a">Description based on: Vol. 10, no. 17 (Oct. 24, 1907).</subfield></datafield><datafield ind1=" " ind2="0" tag="651"><subfield code="a">Bonesteel (S.D.)</subfield><subfield code="v">Newspapers.</subfield></datafield><datafield ind1=" " ind2="0" tag="651"><subfield code="a">Gregory County (S.D.)</subfield><subfield code="v">Newspapers.</subfield></datafield><datafield ind1=" " ind2="7" tag="655"><subfield code="a">Newspapers.</subfield><subfield code="2">fast</subfield><subfield code="0">(OCoLC)fst01423814</subfield></datafield><datafield ind1=" " ind2="7" tag="651"><subfield code="a">South Dakota</subfield><subfield code="z">Bonesteel.</subfield><subfield code="2">fast</subfield><subfield code="0">(OCoLC)fst01886413</subfield></datafield><datafield ind1=" " ind2="7" tag="651"><subfield code="a">South Dakota</subfield><subfield code="z">Gregory County.</subfield><subfield code="2">fast</subfield><subfield code="0">(OCoLC)fst01206380</subfield></datafield><datafield ind1=" " ind2=" " tag="752"><subfield code="a">United States</subfield><subfield code="b">South Dakota</subfield><subfield code="c">Gregory</subfield><subfield code="d">Bonesteel.</subfield></datafield><datafield ind1="1" ind2="7" tag="785"><subfield code="t">Tripp County news, the Gregory County pilot</subfield><subfield code="w">(DLC)sn 96090273</subfield></datafield><datafield ind1="1" ind2="7" tag="785"><subfield code="t">Gregory County news and Tripp County news (Dallas, S.D. : Sept. 1908)</subfield><subfield code="w">(DLC)sn 96090268</subfield></datafield></record>